<?xml version="1.0" encoding="UTF-8"?>
  <record xmlns="http://www.loc.gov/MARC21/slim" type="Bibliographic">
    <leader>00000nas a2200000 c 4500</leader>
    <controlfield tag="001">1020045884</controlfield>
    <controlfield tag="003">DE-101</controlfield>
    <controlfield tag="005">20210308085102.0</controlfield>
    <controlfield tag="006">sq</controlfield>
    <controlfield tag="007">cr||||||||||||</controlfield>
    <controlfield tag="008">120222c19899999gw b||p|o ||| 0||||1||| c</controlfield>
    <datafield tag="015" ind1=" " ind2=" ">
      <subfield code="a">14,O12</subfield>
      <subfield code="2">dnb</subfield>
    </datafield>
    <datafield tag="016" ind1="7" ind2=" ">
      <subfield code="2">DE-600</subfield>
      <subfield code="a">2861304-1</subfield>
    </datafield>
    <datafield tag="016" ind1="7" ind2=" ">
      <subfield code="2">DE-101</subfield>
      <subfield code="a">1020045884</subfield>
    </datafield>
    <datafield tag="022" ind1=" " ind2=" ">
      <subfield code="a">1618-2103</subfield>
    </datafield>
    <datafield tag="035" ind1=" " ind2=" ">
      <subfield code="a">(DE-599)DNB1020045884</subfield>
    </datafield>
    <datafield tag="035" ind1=" " ind2=" ">
      <subfield code="a">(OCoLC)1185096564</subfield>
    </datafield>
    <datafield tag="040" ind1=" " ind2=" ">
      <subfield code="a">1140</subfield>
      <subfield code="b">ger</subfield>
      <subfield code="c">DE-600</subfield>
      <subfield code="d">1147</subfield>
    </datafield>
    <datafield tag="042" ind1=" " ind2=" ">
      <subfield code="a">zdb</subfield>
    </datafield>
    <datafield tag="044" ind1=" " ind2=" ">
      <subfield code="c">XA-DE</subfield>
    </datafield>
    <datafield tag="082" ind1="7" ind2="4">
      <subfield code="8">2\p</subfield>
      <subfield code="a">780</subfield>
      <subfield code="q">DE-101</subfield>
      <subfield code="2">22sdnb</subfield>
    </datafield>
    <datafield tag="083" ind1="7" ind2=" ">
      <subfield code="a">780</subfield>
      <subfield code="q">DE-600</subfield>
      <subfield code="2">22sdnb</subfield>
    </datafield>
    <datafield tag="090" ind1=" " ind2=" ">
      <subfield code="n">la</subfield>
    </datafield>
    <datafield tag="245" ind1="0" ind2="0">
      <subfield code="a">Ox</subfield>
      <subfield code="b">fanzine ; Punkrock, Hardcore, Rock'n'Roll</subfield>
    </datafield>
    <datafield tag="247" ind1="0" ind2="0">
      <subfield code="a">faces the facts</subfield>
      <subfield code="f">Zusatz bis 30.1998</subfield>
    </datafield>
    <datafield tag="264" ind1="3" ind2="1">
      <subfield code="a">Solingen</subfield>
      <subfield code="b">Hiller</subfield>
      <subfield code="c">1989-</subfield>
    </datafield>
    <datafield tag="264" ind1="2" ind2="1">
      <subfield code="3">anfangs</subfield>
      <subfield code="a">Essen</subfield>
      <subfield code="b">Hiller/Hähnel GbR</subfield>
    </datafield>
    <datafield tag="264" ind1="2" ind2="1">
      <subfield code="3">früher</subfield>
      <subfield code="a">Haan</subfield>
      <subfield code="b">Hiller</subfield>
    </datafield>
    <datafield tag="300" ind1=" " ind2=" ">
      <subfield code="a">Online-Ressource</subfield>
    </datafield>
    <datafield tag="336" ind1=" " ind2=" ">
      <subfield code="a">Text</subfield>
      <subfield code="b">txt</subfield>
      <subfield code="2">rdacontent</subfield>
    </datafield>
    <datafield tag="337" ind1=" " ind2=" ">
      <subfield code="a">Computermedien</subfield>
      <subfield code="b">c</subfield>
      <subfield code="2">rdamedia</subfield>
    </datafield>
    <datafield tag="338" ind1=" " ind2=" ">
      <subfield code="a">Online-Ressource</subfield>
      <subfield code="b">cr</subfield>
      <subfield code="2">rdacarrier</subfield>
    </datafield>
    <datafield tag="362" ind1="0" ind2=" ">
      <subfield code="a">1.1989 -</subfield>
    </datafield>
    <datafield tag="363" ind1="0" ind2="1">
      <subfield code="8">1.1\x</subfield>
      <subfield code="i">1989</subfield>
    </datafield>
    <datafield tag="500" ind1=" " ind2=" ">
      <subfield code="a">Gesehen am 18.11.14</subfield>
    </datafield>
    <datafield tag="515" ind1=" " ind2=" ">
      <subfield code="a">Ersch. anfangs vierteljährl., später alle zwei Monate</subfield>
    </datafield>
    <datafield tag="583" ind1="1" ind2=" ">
      <subfield code="a">Archivierung/Langzeitarchivierung gewährleistet</subfield>
      <subfield code="5">DE-101</subfield>
      <subfield code="2">pdager</subfield>
    </datafield>
    <datafield tag="653" ind1=" " ind2=" ">
      <subfield code="a">Musikmagazin Fanzine Punkrock Hardcore RocknRoll Rock</subfield>
    </datafield>
    <datafield tag="655" ind1=" " ind2="7">
      <subfield code="0">(DE-588)4067488-5</subfield>
      <subfield code="0">https://d-nb.info/gnd/4067488-5</subfield>
      <subfield code="0">(DE-101)040674886</subfield>
      <subfield code="a">Zeitschrift</subfield>
      <subfield code="2">gnd-content</subfield>
    </datafield>
    <datafield tag="776" ind1="0" ind2="8">
      <subfield code="i">Erscheint auch als</subfield>
      <subfield code="n">Druck-Ausgabe</subfield>
      <subfield code="t">Ox</subfield>
      <subfield code="d">Solingen : Hiller, 1989-</subfield>
      <subfield code="x">1618-2103</subfield>
      <subfield code="w">(DE-600)1361769-2</subfield>
      <subfield code="w">(DE-101)01860529X</subfield>
    </datafield>
    <datafield tag="850" ind1=" " ind2=" ">
      <subfield code="a">DE-101a</subfield>
      <subfield code="a">DE-101b</subfield>
    </datafield>
    <datafield tag="856" ind1="4" ind2=" ">
      <subfield code="u">http://www.ox-fanzine.de</subfield>
      <subfield code="x">Verlag</subfield>
    </datafield>
    <datafield tag="883" ind1="1" ind2=" ">
      <subfield code="8">2\p</subfield>
      <subfield code="a">npi</subfield>
      <subfield code="d">20120222</subfield>
      <subfield code="q">DE-101</subfield>
      <subfield code="u">https://d-nb.info/provenance/plan#npi</subfield>
    </datafield>
    <datafield tag="889" ind1=" " ind2=" ">
      <subfield code="w">(DE-101)1020078979</subfield>
    </datafield>
    <datafield tag="924" ind1="1" ind2=" ">
      <subfield code="5">(OCoLC)GWDEB</subfield>
      <subfield code="9">101a</subfield>
      <subfield code="b">DE-101a</subfield>
      <subfield code="c">SAX</subfield>
      <subfield code="m">1</subfield>
      <subfield code="q">1989</subfield>
      <subfield code="x">-</subfield>
      <subfield code="z">&lt;1.1989 -&gt;</subfield>
    </datafield>
    <datafield tag="924" ind1="1" ind2=" ">
      <subfield code="5">(OCoLC)GWDDB</subfield>
      <subfield code="9">101b</subfield>
      <subfield code="b">DE-101b</subfield>
      <subfield code="c">HES</subfield>
      <subfield code="m">1</subfield>
      <subfield code="q">1989</subfield>
      <subfield code="x">-</subfield>
      <subfield code="z">&lt;1.1989 -&gt;</subfield>
    </datafield>
    <datafield tag="925" ind1="r" ind2=" ">
      <subfield code="a">ro</subfield>
      <subfield code="a">ra</subfield>
    </datafield>
    <datafield tag="927" ind1=" " ind2=" ">
      <subfield code="a">197296155</subfield>
    </datafield>
  </record>
